@inbook{kicadmanual,
    author = "David Jahshan, Phil Hutchinson, Fabrizio Tappero, Christina Jarron, Melroy van den Berg.",
    title = "Getting Started in KiCad",
    year = "2015",
    keywords  = "kicad,schematic"
}
@inbook{gccmanual,
    author = "Richard M. Stallman and the GCC Developer Community",
    title = "Using the GNU Compiler Collection",
    year = "2021",
    keywords  = "kicad,schematic"
}
@inbook{makemanual,
    author = "Richard M. Stallman, Roland McGrath, Paul D. Smith",
    title = "GNU Make",
    year = "2020",
    keywords  = "kicad,schematic"
}

@online{armwebsite1,
    author = "arm developers team",
    title = "CMSIS components",
    url  = "https://developer.arm.com/tools-and-software/embedded/cmsis",
    addendum = "(accessed: 01.10.2021)",
    keywords = "arm,cmsis"
}
@online{armwebsite2,
    author = "arm developers team",
    title = "Using CMSIS in Embedded Applications",
    url  = "https://www.keil.com/pack/doc/CMSIS/Core/html/using_pg.html",
    addendum = "(accessed: 01.10.2021)",
    keywords = "arm,cmsis,startup"
}

@manual{usbmanual,
    organization = "USB Implementers’ Forum",
    title = "Universal Serial Bus Specification, Revision 2.0",
    year = "2000",
    keywords  = "usb,standard"
}
@manual{hidmanual,
    author = "USB Implementers’ Forum",
    title = "Device Class Definition for Human Interface Devices (HID)",
    year = "2001",
    keywords  = "hid,usb,standard"
}
@manual{hidtables,
    organization = "USB Implementers’ Forum",
    title = "HID Usage Tables",
    year = "2021",
    keywords  = "hid,usb,standard"
}
@manual{stmdatasheet,
    organization  = "STMicroelectronics",
    title         = "32-bit MCU datasheet",
    number        = "STM32F103x8",
    year          = "2015",
    note          = "Rev. 17"
}
@manual{stmdatasheet,
    organization  = "STMicroelectronics",
    title         = "32-bit MCU datasheet",
    number        = "STM32F103x8",
    year          = "2015",
    note          = "Rev. 17"
}
@manual{stmreference,
    organization  = "STMicroelectronics",
    title         = "32-bit MCU Reference manual",
    number        = "STM32F103x8",
    year          = "2018",
    note          = "Rev. 20"
}
@manual{sbdatasheet,
    organization  = "TOREX SEMICONDUCTOR LTD",
    title         = "voltage regulator datasheet",
    number        = "XC6206"
}